<record><leader>00000cas a2200000 a 4500</leader><controlfield tag="001">38131767</controlfield><controlfield tag="008">971224c19969999iluwr ne      0   a0eng c</controlfield><datafield ind1=" " ind2=" " tag="010"><subfield code="a">sn 97062079 </subfield></datafield><datafield ind1=" " ind2=" " tag="040"><subfield code="a">CVF</subfield><subfield code="b">eng</subfield><subfield code="c">CVF</subfield><subfield code="d">OCLCQ</subfield><subfield code="d">OCLCF</subfield><subfield code="d">OCLCO</subfield><subfield code="d">NVF</subfield><subfield code="d">OCLCO</subfield><subfield code="d">OCL</subfield><subfield code="d">OCLCO</subfield></datafield><datafield ind1="1" ind2=" " tag="029"><subfield code="a">AU@</subfield><subfield code="b">000013713180</subfield></datafield><datafield ind1=" " ind2=" " tag="042"><subfield code="a">pcc</subfield></datafield><datafield ind1=" " ind2=" " tag="043"><subfield code="a">n-us-il</subfield></datafield><datafield ind1="0" ind2=" " tag="130"><subfield code="a">News-star (Lincolnwood, Ill.)</subfield></datafield><datafield ind1="1" ind2="0" tag="245"><subfield code="a">News-star.</subfield></datafield><datafield ind1="3" ind2=" " tag="246"><subfield code="a">News star</subfield></datafield><datafield ind1=" " ind2=" " tag="260"><subfield code="a">Lincolnwood, IL. :</subfield><subfield code="b">Lerner Communications Inc.</subfield></datafield><datafield ind1=" " ind2=" " tag="300"><subfield code="a">volumes</subfield></datafield><datafield ind1=" " ind2=" " tag="310"><subfield code="a">Weekly</subfield></datafield><datafield ind1="1" ind2=" " tag="362"><subfield code="a">Began in 1996?</subfield></datafield><datafield ind1=" " ind2=" " tag="580"><subfield code="a">Formed by the union of: News-star (Chicago, Ill. : North Town Rogers Park Edgewater Ravenswood Albany Park ed.) and: News-star (Chicago, Ill. : North Center Lincoln Belmont Lake View Lake Shore ed.).</subfield></datafield><datafield ind1=" " ind2=" " tag="588"><subfield code="a">Description based on: 94th year, no. 6 (Feb. 2, 1996).</subfield></datafield><datafield ind1=" " ind2="0" tag="651"><subfield code="a">Lincolnwood (Ill.)</subfield><subfield code="v">Newspapers.</subfield></datafield><datafield ind1=" " ind2="0" tag="651"><subfield code="a">Chicago (Ill.)</subfield><subfield code="v">Newspapers.</subfield></datafield><datafield ind1=" " ind2="7" tag="651"><subfield code="a">Illinois</subfield><subfield code="z">Lincolnwood</subfield><subfield code="2">fast</subfield><subfield code="0">(OCoLC)fst01268949</subfield></datafield><datafield ind1=" " ind2="7" tag="651"><subfield code="a">Illinois</subfield><subfield code="z">Chicago.</subfield><subfield code="2">fast</subfield><subfield code="0">(OCoLC)fst01204048</subfield></datafield><datafield ind1=" " ind2="7" tag="655"><subfield code="a">Newspapers.</subfield><subfield code="2">fast</subfield><subfield code="0">(OCoLC)fst01423814</subfield></datafield><datafield ind1=" " ind2=" " tag="752"><subfield code="a">United States</subfield><subfield code="b">Illinois</subfield><subfield code="c">Cook County</subfield><subfield code="d">Lincolnwood.</subfield></datafield><datafield ind1="1" ind2="4" tag="780"><subfield code="t">News-star (Chicago, Ill. : North Town Rogers Park Edgewater Ravenswood Albany Park ed.)</subfield><subfield code="w">(DLC)   97062080</subfield><subfield code="w">(OCoLC)38131829</subfield></datafield><datafield ind1="1" ind2="4" tag="780"><subfield code="t">News-star (Chicago, Ill. : North Center Lincoln Belmont Lake View Lake Shore ed.)</subfield><subfield code="w">(DLC)sn 94054722</subfield><subfield code="w">(OCoLC)30727042</subfield></datafield></record>